[gd_scene load_steps=12 format=2]

[ext_resource path="res://Scenes/Player.tscn" type="PackedScene" id=1]
[ext_resource path="res://Tilesets/Base_tileset.tres" type="TileSet" id=2]
[ext_resource path="res://Assets/Base pack (360 assets)/PNG/Tiles/door_closedMid.png" type="Texture" id=3]
[ext_resource path="res://Assets/Base pack (360 assets)/PNG/Tiles/door_closedTop.png" type="Texture" id=4]
[ext_resource path="res://Scenes/Portal.tscn" type="PackedScene" id=5]
[ext_resource path="res://Scenes/PC.tscn" type="PackedScene" id=6]
[ext_resource path="res://Scenes/HUD.tscn" type="PackedScene" id=7]
[ext_resource path="res://Assets/UI/grey_button13.png" type="Texture" id=8]
[ext_resource path="res://Assets/fonts/Kenney Bold.ttf" type="DynamicFontData" id=9]

[sub_resource type="DynamicFont" id=1]
size = 24
font_data = ExtResource( 9 )

[sub_resource type="DynamicFont" id=2]
font_data = ExtResource( 9 )

[node name="Base" type="Node2D"]

[node name="TileMap" type="TileMap" parent="."]
tile_set = ExtResource( 2 )
cell_size = Vector2( 70, 70 )
format = 1
tile_data = PoolIntArray( -393216, 1, 0, -393204, 1, 0, -327680, 1, 0, -327668, 1, 0, -262144, 1, 0, -262132, 1, 0, -196608, 1, 0, -196596, 1, 0, -131072, 1, 0, -131060, 1, 0, -65536, 1, 0, -65524, 1, 0, 0, 3, 0, 1, 11, 0, 2, 11, 0, 3, 11, 0, 4, 11, 0, 5, 11, 0, 6, 11, 0, 7, 11, 0, 8, 11, 0, 9, 11, 0, 10, 11, 0, 11, 11, 0, 12, 5, 0 )

[node name="Player" parent="." instance=ExtResource( 1 )]
position = Vector2( 160, -64 )

[node name="Camera2D" type="Camera2D" parent="Player"]
current = true

[node name="ClosedDoor" type="Node2D" parent="."]
position = Vector2( 160, -96 )
z_index = -1

[node name="Upper" type="Sprite" parent="ClosedDoor"]
texture = ExtResource( 4 )

[node name="Lower" type="Sprite" parent="ClosedDoor"]
position = Vector2( 0, 64 )
texture = ExtResource( 3 )

[node name="Portal" parent="." instance=ExtResource( 5 )]
position = Vector2( 640, -96 )
z_index = -1
target_scene = "level1_scene"

[node name="ParallaxBackground" type="ParallaxBackground" parent="."]

[node name="PC" parent="." instance=ExtResource( 6 )]
position = Vector2( 384, -32 )
scale = Vector2( 0.5, 0.5 )
z_index = -1

[node name="HUD" parent="." instance=ExtResource( 7 )]

[node name="TextureRect" type="TextureRect" parent="."]
light_mask = 0
margin_left = 384.0
margin_top = -160.0
margin_right = 433.0
margin_bottom = -115.0
texture = ExtResource( 8 )

[node name="Label" type="Label" parent="TextureRect"]
margin_left = 15.0
margin_top = 6.0
margin_right = 55.0
margin_bottom = 42.0
custom_colors/font_color = Color( 0, 0, 0, 1 )
custom_fonts/font = SubResource( 1 )
text = "E"

[node name="Label2" type="Label" parent="TextureRect"]
margin_left = -21.0
margin_top = -32.0
margin_right = 67.0
margin_bottom = -2.0
custom_fonts/font = SubResource( 2 )
text = "Interact"
