[gd_scene load_steps=5 format=2]

[ext_resource path="res://Assets/fonts/Kenney Bold.ttf" type="DynamicFontData" id=1]
[ext_resource path="res://Assets/Coin/coin/coin/gold_1.png" type="Texture" id=2]
[ext_resource path="res://Scripts/SellWindow.gd" type="Script" id=3]

[sub_resource type="DynamicFont" id=1]
size = 10
font_data = ExtResource( 1 )

[node name="SellWindow" type="ConfirmationDialog"]
margin_left = 3.0
margin_top = -73.0
margin_right = 203.0
margin_bottom = 27.0
rect_min_size = Vector2( 200, 150 )
window_title = "Veuillez confirmer…"
script = ExtResource( 3 )

[node name="VBoxContainer" type="VBoxContainer" parent="."]
margin_left = 8.0
margin_top = 8.0
margin_right = 192.0
margin_bottom = 114.0

[node name="Label" type="Label" parent="VBoxContainer"]
margin_right = 184.0
margin_bottom = 14.0
text = "           "

[node name="HBoxContainer2" type="HBoxContainer" parent="VBoxContainer"]
margin_top = 18.0
margin_right = 184.0
margin_bottom = 43.0

[node name="Label2" type="Label" parent="VBoxContainer/HBoxContainer2"]
margin_right = 50.0
margin_bottom = 25.0
rect_min_size = Vector2( 50, 25 )
custom_fonts/font = SubResource( 1 )
text = "Price :"

[node name="SpinBox" type="SpinBox" parent="VBoxContainer/HBoxContainer2"]
margin_left = 54.0
margin_right = 128.0
margin_bottom = 25.0
rounded = true
allow_greater = true

[node name="Sprite" type="Sprite" parent="VBoxContainer/HBoxContainer2"]
position = Vector2( 125, 11 )
scale = Vector2( 0.2, 0.2 )
texture = ExtResource( 2 )

[node name="HTTPRequest" type="HTTPRequest" parent="."]

[connection signal="confirmed" from="." to="." method="_on_SellWindow_confirmed"]
[connection signal="gui_input" from="VBoxContainer/HBoxContainer2/SpinBox" to="." method="_on_SpinBox_gui_input"]
