[gd_scene load_steps=7 format=2]

[ext_resource path="res://Scripts/PlayButton.gd" type="Script" id=2]
[ext_resource path="res://Assets/music/Swinging Pants.ogg" type="AudioStream" id=4]
[ext_resource path="res://Assets/fonts/KiriFont.ttf" type="DynamicFontData" id=10]

[sub_resource type="DynamicFont" id=1]
size = 60
outline_size = 3
font_data = ExtResource( 10 )

[sub_resource type="DynamicFont" id=6]
size = 48
font_data = ExtResource( 10 )

[sub_resource type="DynamicFont" id=7]
size = 48
font_data = ExtResource( 10 )

[node name="TitleMenu" type="Control"]
margin_right = 40.0
margin_bottom = 40.0

[node name="ColorRect" type="ColorRect" parent="."]
margin_right = 1024.0
margin_bottom = 600.0
color = Color( 0.0196078, 0.196078, 0.0196078, 1 )

[node name="Label" type="Label" parent="."]
margin_left = 160.0
margin_top = 64.0
margin_right = 880.0
margin_bottom = 224.0
custom_colors/font_color = Color( 0.156863, 0.705882, 0.27451, 1 )
custom_colors/font_outline_modulate = Color( 0.784314, 0.0784314, 0.0784314, 1 )
custom_fonts/font = SubResource( 1 )
text = "Contraland!"
align = 1

[node name="PlayButton" type="Button" parent="."]
margin_left = 25.0
margin_top = 380.0
margin_right = 268.0
margin_bottom = 464.0
custom_colors/font_color_hover = Color( 0.8, 0.235294, 0.0392157, 1 )
custom_fonts/font = SubResource( 6 )
text = "Play"
flat = true
script = ExtResource( 2 )

[node name="Timer" type="Timer" parent="PlayButton"]
wait_time = 2.0
one_shot = true

[node name="TitleScreenMusic" type="AudioStreamPlayer" parent="."]
stream = ExtResource( 4 )
volume_db = -12.0
autoplay = true

[node name="SettingsButton" type="Button" parent="."]
visible = false
margin_left = 67.0
margin_top = 464.0
margin_right = 215.0
margin_bottom = 531.0
custom_colors/font_color_hover = Color( 0.729412, 0.254902, 0.0352941, 1 )
custom_fonts/font = SubResource( 7 )
text = "Settings"
flat = true

[connection signal="pressed" from="PlayButton" to="PlayButton" method="_on_PlayButton_pressed"]
[connection signal="timeout" from="PlayButton/Timer" to="PlayButton" method="_on_Timer_timeout"]
